@article{Chao:2020,
author = { P. Chao and  Y. Xu and  W. Hua and X. Zhou},
  year = {2020},
  title = {A survey on map-matching algorithms.},
  publisher = { Springer, Cham.}}
  
@article{Quddus:2007,
author = { M.A. Quddus and W.Y. Ochieng and R.B. Noland},
  year = {2007},
  title = {Current map-matching algorithms for
transport applications: State-of-the art and future research directions.},
  publisher = {Transportation research
part c: Emerging technologies, 15(5), 312-328}}
